@misc{arute2020quantum,
    title={Quantum Approximate Optimization of Non-Planar Graph Problems on a Planar Superconducting Processor},
    author={Frank Arute and Kunal Arya and Ryan Babbush and Dave Bacon and Joseph C. Bardin and Rami Barends and Sergio Boixo and Michael Broughton and Bob B. Buckley and David A. Buell and Brian Burkett and Nicholas Bushnell and Yu Chen and Zijun Chen and Ben Chiaro and Roberto Collins and William Courtney and Sean Demura and Andrew Dunsworth and Edward Farhi and Austin Fowler and Brooks Foxen and Craig Gidney and Marissa Giustina and Rob Graff and Steve Habegger and Matthew P. Harrigan and Alan Ho and Sabrina Hong and Trent Huang and L. B. Ioffe and Sergei V. Isakov and Evan Jeffrey and Zhang Jiang and Cody Jones and Dvir Kafri and Kostyantyn Kechedzhi and Julian Kelly and Seon Kim and Paul V. Klimov and Alexander N. Korotkov and Fedor Kostritsa and David Landhuis and Pavel Laptev and Mike Lindmark and Martin Leib and Erik Lucero and Orion Martin and John M. Martinis and Jarrod R. McClean and Matt McEwen and Anthony Megrant and Xiao Mi and Masoud Mohseni and Wojciech Mruczkiewicz and Josh Mutus and Ofer Naaman and Matthew Neeley and Charles Neill and Florian Neukart and Hartmut Neven and Murphy Yuezhen Niu and Thomas E. O'Brien and Bryan O'Gorman and Eric Ostby and Andre Petukhov and Harald Putterman and Chris Quintana and Pedram Roushan and Nicholas C. Rubin and Daniel Sank and Kevin J. Satzinger and Andrea Skolik and Vadim Smelyanskiy and Doug Strain and Michael Streif and Kevin J. Sung and Marco Szalay and Amit Vainsencher and Theodore White and Z. Jamie Yao and Ping Yeh and Adam Zalcman and Leo Zhou},
    year={2020},
    eprint={2004.04197},
    archivePrefix={arXiv},
    primaryClass={quant-ph}
}

@misc{farhi2016quantum,
    title={Quantum Supremacy through the Quantum Approximate Optimization Algorithm},
    author={Edward Farhi and Aram W Harrow},
    year={2016},
    eprint={1602.07674},
    archivePrefix={arXiv},
    primaryClass={quant-ph}
}

@misc{farhi2014quantum,
    title={A Quantum Approximate Optimization Algorithm},
    author={Edward Farhi and Jeffrey Goldstone and Sam Gutmann},
    year={2014},
    eprint={1411.4028},
    archivePrefix={arXiv},
    primaryClass={quant-ph}
}

@misc{hadfield2018representation,
    title={On the representation of Boolean and real functions as Hamiltonians for quantum computing},
    author={Stuart Hadfield},
    year={2018},
    eprint={1804.09130},
    archivePrefix={arXiv},
    primaryClass={quant-ph}
}